<?xml version="1.0" encoding="UTF-8"?>
<record xmlns="http://www.loc.gov/MARC21/slim">
   <leader>02893cam a2200529 a 4500</leader>
   <controlfield tag="001">298746</controlfield>
   <controlfield tag="003">NjP</controlfield>
   <controlfield tag="005">20190705140107.0</controlfield>
   <controlfield tag="008">860328s1962    ir            001 0 ara d</controlfield>
   <datafield tag="024" ind1="7" ind2=" ">
      <subfield code="a">princeton_aco003688</subfield>
      <subfield code="2">local</subfield>
   </datafield>
   <datafield ind1=" " ind2=" " tag="035">
      <subfield code="a">(CStRLIN)NJPG86-B11837</subfield>
   </datafield>
   <datafield ind1=" " ind2=" " tag="035">
      <subfield code="9">ABM4012TS</subfield>
   </datafield>
   <datafield ind1=" " ind2=" " tag="035">
      <subfield code="a">(NjP)298746</subfield>
   </datafield>
   <datafield ind1=" " ind2=" " tag="040">
      <subfield code="a">NjP</subfield>
      <subfield code="c">PUL</subfield>
      <subfield code="d">PUL</subfield>
   </datafield>
   <datafield ind1="0" ind2=" " tag="041">
      <subfield code="a">araper</subfield>
   </datafield>
   <datafield ind1=" " ind2=" " tag="043">
      <subfield code="a">a-ir---</subfield>
   </datafield>
   <datafield ind1=" " ind2=" " tag="049">
      <subfield code="a">PULL</subfield>
   </datafield>
   <datafield ind1=" " ind2=" " tag="035">
      <subfield code="a">(OCoLC)ocm17382174</subfield>
   </datafield>
   <datafield ind1="0" ind2=" " tag="100">
      <subfield code="6">880-01</subfield>
      <subfield code="a">Rukn al-Dīn Muḥammad ibn Muḥammad Ḥusaynī Yazdī,</subfield>
      <subfield code="d">d. 1331 or 2.</subfield>
   </datafield>
   <datafield ind1="1" ind2="0" tag="245">
      <subfield code="6">880-02</subfield>
      <subfield code="a">Jāmiʻ al-khayrāt :</subfield>
      <subfield code="b">vaqfnāmah-i Sayyid Rukn al-Dīn Ḥusaynī Yazdī /</subfield>
      <subfield code="c">bi-kūshish-i Muḥammad Taqī Dānishʹpazhūh va Īraj Afshār.</subfield>
   </datafield>
   <datafield ind1=" " ind2=" " tag="260">
      <subfield code="6">880-03</subfield>
      <subfield code="a">Tihrān :</subfield>
      <subfield code="b">Farhang-i Īrān Zamīn,</subfield>
      <subfield code="c">1341 [1962]</subfield>
   </datafield>
   <datafield ind1=" " ind2=" " tag="300">
      <subfield code="a">[8], 231 p. ;</subfield>
      <subfield code="c">23 cm.</subfield>
   </datafield>
   <datafield ind1="1" ind2=" " tag="490">
      <subfield code="6">880-04</subfield>
      <subfield code="a">Intishārāt-i Farhang-i Īrān Zamīn ;</subfield>
      <subfield code="v">6</subfield>
   </datafield>
   <datafield ind1=" " ind2=" " tag="500">
      <subfield code="a">Text in Arabic; introd. in Persian.</subfield>
   </datafield>
   <datafield ind1=" " ind2=" " tag="500">
      <subfield code="6">880-05</subfield>
      <subfield code="a">"Kitābī kih īnak dar dast dārīm matn-i vaqfnāmah-ʼi ... Sayyid Rukn al-Dīn Yazdī va pisar-i ū [Shams al-Dīn Abū ʻAbd Allāh Muḥammad] ast"--P. [7]</subfield>
   </datafield>
   <datafield ind1=" " ind2=" " tag="500">
      <subfield code="a">Includes indexes.</subfield>
   </datafield>
   <datafield ind1=" " ind2="0" tag="650">
      <subfield code="a">Charitable uses, trusts, and foundations</subfield>
      <subfield code="z">Iran.</subfield>
   </datafield>
   <datafield ind1=" " ind2="0" tag="650">
      <subfield code="a">Religious trusts</subfield>
      <subfield code="z">Iran.</subfield>
   </datafield>
   <datafield ind1="0" ind2=" " tag="700">
      <subfield code="6">880-06</subfield>
      <subfield code="a">Shams al-Dīn Muḥammad ibn Muḥammad Ḥusaynī Yazdī,</subfield>
      <subfield code="d">d. 1332 or 3.</subfield>
   </datafield>
   <datafield ind1="1" ind2=" " tag="700">
      <subfield code="6">880-07</subfield>
      <subfield code="a">Dānishʹpazhūh, Muḥammad Taqī.</subfield>
   </datafield>
   <datafield ind1="1" ind2=" " tag="700">
      <subfield code="6">880-08</subfield>
      <subfield code="a">Afshār, Īraj.</subfield>
   </datafield>
   <datafield ind1="0" ind2=" " tag="740">
      <subfield code="6">880-09</subfield>
      <subfield code="a">Vaqfnāmah-i Sayyid Rukn al-Dīn Ḥusaynī Yazdī.</subfield>
   </datafield>
   <datafield ind1=" " ind2="0" tag="830">
      <subfield code="6">880-10</subfield>
      <subfield code="a">Intishārāt-i Farhang-i Īrān Zamīn ;</subfield>
      <subfield code="v">shumārah-ʼi 6.</subfield>
   </datafield>
   <datafield ind1="0" ind2=" " tag="880">
      <subfield code="6">100-01/r</subfield>
      <subfield code="a">ركن الدين محمد بن محمد حسيني يزدي،</subfield>
      <subfield code="d">d. 1331 or 2.</subfield>
   </datafield>
   <datafield ind1="1" ind2="0" tag="880">
      <subfield code="6">245-02/r</subfield>
      <subfield code="a">جامع الخيرات :</subfield>
      <subfield code="b">ڤقفنامها سيد ركن الدين حسيني يزدي /</subfield>
      <subfield code="c">بكوششا محمد تقي دانشپچوه ڤ ايرج افشار.</subfield>
   </datafield>
   <datafield ind1=" " ind2=" " tag="880">
      <subfield code="6">260-03/r</subfield>
      <subfield code="a">تهران :</subfield>
      <subfield code="b">فرهنگا ايران زمين،</subfield>
      <subfield code="c">1341 [1962]</subfield>
   </datafield>
   <datafield ind1="1" ind2=" " tag="880">
      <subfield code="6">490-04/r</subfield>
      <subfield code="a">انتشاراتا فرهنگا ايران زمين ؛</subfield>
      <subfield code="v">6</subfield>
   </datafield>
   <datafield ind1=" " ind2=" " tag="880">
      <subfield code="6">500-05/r</subfield>
      <subfield code="a">"كتابي كه اينك در دست داريم متنا ڤقفنامهئ ... سيد ركن الدين يزدي ڤ پسرا و [شمس الدين ابو عبد الله محمد] است"پ. [7]</subfield>
   </datafield>
   <datafield ind1="0" ind2=" " tag="880">
      <subfield code="6">700-06/r</subfield>
      <subfield code="a">شمس الدين محمد بن محمد حسيني يزدي،</subfield>
      <subfield code="d">d. 1332 or 3.</subfield>
   </datafield>
   <datafield ind1="1" ind2=" " tag="880">
      <subfield code="6">700-07/r</subfield>
      <subfield code="a">دانشپچوه، محمد تقي.</subfield>
   </datafield>
   <datafield ind1="1" ind2=" " tag="880">
      <subfield code="6">700-08/r</subfield>
      <subfield code="a">افشار، ايرج.</subfield>
   </datafield>
   <datafield ind1="0" ind2=" " tag="880">
      <subfield code="6">740-09/r</subfield>
      <subfield code="a">ڤقفنامها سيد ركن الدين حسيني يزدي.</subfield>
   </datafield>
   <datafield ind1=" " ind2="0" tag="880">
      <subfield code="6">830-10/r</subfield>
      <subfield code="a">انتشاراتا فرهنگا ايران زمين ؛</subfield>
      <subfield code="v">شمارهئ 6.</subfield>
   </datafield>
   <datafield ind1=" " ind2=" " tag="998">
      <subfield code="a">03/28/86</subfield>
      <subfield code="s">9114</subfield>
      <subfield code="n">NjP</subfield>
      <subfield code="w">NJPG86B11837</subfield>
      <subfield code="d">03/28/86</subfield>
      <subfield code="c">KE</subfield>
      <subfield code="b">KE</subfield>
      <subfield code="i">860328</subfield>
      <subfield code="l">NJPG</subfield>
   </datafield>
   <datafield ind1=" " ind2=" " tag="911">
      <subfield code="a">19921028</subfield>
   </datafield>
   <datafield ind1=" " ind2=" " tag="912">
      <subfield code="a">19900827000000.0</subfield>
   </datafield>
   <datafield ind1=" " ind2=" " tag="994">
      <subfield code="a">C0</subfield>
      <subfield code="b">PUL</subfield>
   </datafield>
   <datafield ind1=" " ind2=" " tag="999">
      <subfield code="a">298746</subfield>
   </datafield>
   <datafield ind1=" " ind2=" " tag="979">
      <subfield code="a">(OCoLC)ocn175544800</subfield>
   </datafield>
   <datafield ind1="0" ind2="0" tag="852">
      <subfield code="0">326952</subfield>
      <subfield code="b">rcppa</subfield>
      <subfield code="t">1</subfield>
      <subfield code="h">HV385.2</subfield>
      <subfield code="i">.R84</subfield>
      <subfield code="x">tr fr arab</subfield>
   </datafield>
   <datafield ind1=" " ind2=" " tag="959">
      <subfield code="a">2000-06-13 00:00:00 -0400</subfield>
   </datafield>
</record>
